<?xml version="1.0" encoding="UTF-8"?><collection xmlns="http://www.loc.gov/MARC21/slim"><record><leader>00334nam--2200133-i-4500</leader><controlfield tag="001">000040295</controlfield><controlfield tag="002">20161230</controlfield><controlfield tag="005">20161230201042</controlfield><controlfield tag="008">060222s1000------------r-----000-0-eng-d</controlfield><datafield ind1=" " ind2=" " tag="080"><subfield code="a">620</subfield></datafield><datafield ind1=" " ind2=" " tag="100"><subfield code="a">Sapiro,D.O. Si Slavin,D.O</subfield></datafield><datafield ind1=" " ind2=" " tag="245"><subfield code="a">Incercarile mecanice ale metalelor</subfield></datafield><datafield ind1=" " ind2=" " tag="260"><subfield code="a">Bucuresti, Ed.Tehnica, 1952. 230 P</subfield></datafield><datafield ind1=" " ind2=" " tag="852"><subfield code="a">2568</subfield></datafield></record></collection>